@INPROCEEDINGS{paper1,
    author={Wagholikar, Smita and Chandani, Arti and Atiq, Rizwana and Pathak, Mohit and Wagholikar, Omkar},
    booktitle={2023 International Conference on Advancement in Computation \& Computer Technologies (InCACCT)}, 
    title={ChatGPT -Boon or Bane: A Study from Students Perspective}, 
    year={2023},
    volume={},
    number={},
    pages={207-212},
    doi={10.1109/InCACCT57535.2023.10141820}
}

@ARTICLE{paper2,
    author={Shoufan, Abdulhadi},
    journal={IEEE Access}, 
    title={Exploring Students’ Perceptions of ChatGPT: Thematic Analysis and Follow-Up Survey}, 
    year={2023},
    volume={11},
    number={},
    pages={38805-38818},
    doi={10.1109/ACCESS.2023.3268224}
}

@misc{kaplan2020scaling,
      title={Scaling Laws for Neural Language Models}, 
      author={Jared Kaplan and Sam McCandlish and Tom Henighan and Tom B. Brown and Benjamin Chess and Rewon Child and Scott Gray and Alec Radford and Jeffrey Wu and Dario Amodei},
      year={2020},
      eprint={2001.08361},
      archivePrefix={arXiv},
      primaryClass={cs.LG}
}

@article{allwood,
    author = {Allwood, Carl Martin},
    year = {2011},
    month = {08},
    pages = {1-13},
    title = {The distinction between qualitative and quantitative research methods is problematic},
    volume = {46},
    journal = {Quality \& Quantity - QUAL QUANT},
    doi = {10.1007/s11135-011-9455-8}
}

@article{mertens,
    author = {Mertens, Donna},
    year = {2007},
    month = {07},
    pages = {212-225},
    title = {Transformative Paradigm: Mixed Methods and Social Justice},
    volume = {1},
    journal = {Journal of Mixed Methods Research},
    doi = {10.1177/1558689807302811}
}

@article{vaswani,
  author       = {Ashish Vaswani and
                  Noam Shazeer and
                  Niki Parmar and
                  Jakob Uszkoreit and
                  Llion Jones and
                  Aidan N. Gomez and
                  Lukasz Kaiser and
                  Illia Polosukhin},
  title        = {Attention Is All You Need},
  journal      = {CoRR},
  volume       = {abs/1706.03762},
  year         = {2017},
  url          = {http://arxiv.org/abs/1706.03762},
  eprint       = {1706.03762},
  timestamp    = {Sat, 23 Jan 2021 01:20:40 +0100},
  biburl       = {https://dblp.org/rec/journals/corr/VaswaniSPUJGKP17.bib},
}

@misc{cho2014learning,
      title={Learning Phrase Representations using RNN Encoder-Decoder for Statistical Machine Translation}, 
      author={Kyunghyun Cho and Bart van Merrienboer and Caglar Gulcehre and Dzmitry Bahdanau and Fethi Bougares and Holger Schwenk and Yoshua Bengio},
      year={2014},
      eprint={1406.1078},
      archivePrefix={arXiv},
      primaryClass={cs.CL}
}

@misc{kuchaiev2018factorization,
      title={Factorization tricks for LSTM networks}, 
      author={Oleksii Kuchaiev and Boris Ginsburg},
      year={2018},
      eprint={1703.10722},
      archivePrefix={arXiv},
      primaryClass={cs.CL}
}
@article{hochreiter,
    author = {Hochreiter, Sepp},
    year = {1998},
    month = {04},
    pages = {107-116},
    title = {The Vanishing Gradient Problem During Learning Recurrent Neural Nets and Problem Solutions},
    volume = {6},
    journal = {International Journal of Uncertainty, Fuzziness and Knowledge-Based Systems},
    doi = {10.1142/S0218488598000094}
}

@article{noy,
    author = {Shakked Noy and Whitney Zhang },
    title = {Experimental evidence on the productivity effects of generative artificial intelligence},
    journal = {Science},
    volume = {381},
    number = {6654},
    pages = {187-192},
    year = {2023},
    doi = {10.1126/science.adh2586},
    URL = {https://www.science.org/doi/abs/10.1126/science.adh2586},
    eprint = {https://www.science.org/doi/pdf/10.1126/science.adh2586}
}

@misc{ho2020denoising,
      title={Denoising Diffusion Probabilistic Models}, 
      author={Jonathan Ho and Ajay Jain and Pieter Abbeel},
      year={2020},
      eprint={2006.11239},
      archivePrefix={arXiv},
      primaryClass={cs.LG}
}

@misc{yang2023diffusion,
      title={Diffusion Models: A Comprehensive Survey of Methods and Applications}, 
      author={Ling Yang and Zhilong Zhang and Yang Song and Shenda Hong and Runsheng Xu and Yue Zhao and Wentao Zhang and Bin Cui and Ming-Hsuan Yang},
      year={2023},
      eprint={2209.00796},
      archivePrefix={arXiv},
      primaryClass={cs.LG}
}

@article{Merchant2023,
    author={Merchant, Amil
    and Batzner, Simon
    and Schoenholz, Samuel S.
    and Aykol, Muratahan
    and Cheon, Gowoon
    and Cubuk, Ekin Dogus},
    title={Scaling deep learning for materials discovery},
    journal={Nature},
    year={2023},
    month={Dec},
    day={01},
    volume={624},
    number={7990},
    pages={80-85},
    issn={1476-4687},
    doi={10.1038/s41586-023-06735-9},
    url={https://doi.org/10.1038/s41586-023-06735-9}
}

@article{taguette,
    author = {Rampin, Rémi and Rampin, Vicky},
    year = {2021},
    month = {12},
    pages = {3522},
    title = {Taguette: open-source qualitative data analysis},
    volume = {6},
    journal = {Journal of Open Source Software},
    doi = {10.21105/joss.03522}
}

@article{queros,
    author = {Almeida, Fernando and Faria, Daniel and Queirós, André},
    year = {2017},
    month = {09},
    pages = {369-387},
    title = {Strengths and Limitations of Qualitative and Quantitative Research Methods},
    volume = {3},
    journal = {European Journal of Education Studies},
    doi = {10.5281/zenodo.887089}
}

@misc{norlins,
    author = {Philip, Norlin and Valentin, Wannesian},
    institution = {Blekinge Institute of Technology},
    keywords = {programming, languages, characteristics, improvements},
    pages = {40},
    school = {, Blekinge Institute of Technology},
    title = {Programming Languages : Improvements, popularity, and the need of the future},
    year = {2018}
}

@book{merriam,
    title     = "Qualitative Research: A Guide to Design and Implementation, 4th Edition",
    author    = "Merriam, Sharan B. AND Tisdell, Elizabeth J.",
    year      = 2015,
    publisher = "Jossey-Bass",
    address   = "San Francisco",
    chapter   = 1,
    pages = {3-18}
}


@book{cresswell,
    title     = "Research Design - Qualitative, Quantitative, and Mixed Methods Approaches",
    author    = "Creswell, John W.",
    year      = 2022,
    publisher = "sage",
    address   = "Los Angeles",
}


@article{alphafold,
    date = {2021/08/01},
    date-added = {2024-01-02 09:05:25 +0000},
    date-modified = {2024-01-02 09:05:25 +0000},
    doi = {10.1038/s41586-021-03819-2},
    id = {Jumper2021},
    isbn = {1476-4687},
    journal = {Nature},
    number = {7873},
    pages = {583--589},
    title = {Highly accurate protein structure prediction with AlphaFold},
    url = {https://doi.org/10.1038/s41586-021-03819-2},
    volume = {596},
    year = {2021},
    bdsk-url-1 = {https://doi.org/10.1038/s41586-021-03819-2},
    author="John Jumper AND Richard Evans AND Alexander Pritzel AND Tim Green AND Michael Figurnov AND Olaf Ronneberger AND Kathryn Tunyasuvunakool AND Russ Bates AND Augustin Žídek AND Anna Potapenko AND Alex Bridgland AND Clemens Meyer AND Simon A. A. Kohl AND Andrew J. Ballard AND Andrew Cowie AND Bernardino Romera-Paredes AND Stanislav Nikolov AND Rishub Jain AND Jonas Adler AND Trevor Back AND Stig Petersen AND David Reiman AND Ellen Clancy AND Michal Zielinski AND Martin Steinegger AND Michalina Pacholska AND Tamas Berghammer AND Sebastian Bodenstein AND David Silver AND Oriol Vinyals AND Andrew W. Senior AND Koray Kavukcuoglu AND Pushmeet Kohli AND Demis Hassabis"
}

@INPROCEEDINGS{anymal,
  author={Hutter, Marco and Gehring, Christian and Jud, Dominic and Lauber, Andreas and Bellicoso, C. Dario and Tsounis, Vassilios and Hwangbo, Jemin and Bodie, Karen and Fankhauser, Peter and Bloesch, Michael and Diethelm, Remo and Bachmann, Samuel and Melzer, Amir and Hoepflinger, Mark},
  booktitle={2016 IEEE/RSJ International Conference on Intelligent Robots and Systems (IROS)}, 
  title={ANYmal - a highly mobile and dynamic quadrupedal robot}, 
  year={2016},
  volume={},
  number={},
  pages={38-44},
  doi={10.1109/IROS.2016.7758092}}



@article{Wong2023,
    date = {2023/12/20},
    date-added = {2024-01-02 09:32:03 +0000},
    date-modified = {2024-01-02 09:32:03 +0000},
    doi = {10.1038/s41586-023-06887-8},
    id = {Wong2023},
    isbn = {1476-4687},
    journal = {Nature},
    title = {Discovery of a structural class of antibiotics with explainable deep learning},
    url = {https://doi.org/10.1038/s41586-023-06887-8},
    year = {2023},
    bdsk-url-1 = {https://doi.org/10.1038/s41586-023-06887-8},
    author="Felix Wong AND Erica J. Zheng AND Jacqueline A. Valeri AND Nina M. Donghia AND Melis N. Anahtar AND Satotaka Omori AND Alicia Li AND Andres Cubillos-Ruiz AND Aarti Krishnan AND Wengong Jin AND Abigail L. Manson AND Jens Friedrichs AND Ralf Helbig AND Behnoush Hajian AND Dawid K. Fiejtek AND Florence F. Wagner AND Holly H. Soutter AND Ashlee M. Earl AND Jonathan M. Stokes AND Lars D. Renner AND James J. Collins"
}

@ARTICLE{kim2019-wu,
  title    = "Statistical notes for clinical researchers: the independent
              samples t-test",
  author   = "Kim, Hae-Young",
  journal  = "Restor Dent Endod",
  volume   =  44,
  number   =  3,
  pages    = "e26",
  month    =  jul,
  year     =  2019,
  address  = "Korea (South)",
  language = "en"
}

@article{lather,
author = {Lather, Patti},
year = {1986},
month = {12},
pages = {63-84},
title = {Issues of Validity in Openly Ideological Research: Between a Rock and a Soft Place},
volume = {17},
journal = {Interchange},
doi = {10.1007/BF01807017}
}

@misc{michal,
author = {Tombs, Michal AND Pugsley, Lesley},
year = {2020},
title = {How To: Understand Research Philosophies and Paradigms in Medical Education}
}